<?xml version="1.0" encoding="UTF-8"?><record xmlns="http://www.loc.gov/MARC21/slim" xmlns:cinclude="http://apache.org/cocoon/include/1.0" xmlns:zs="http://www.loc.gov/zing/srw/">
  <leader>00464nz  a2200133n  4500</leader>
  <controlfield tag="001">no2004021439</controlfield>
  <controlfield tag="003">DLC</controlfield>
  <controlfield tag="005">20040306071057.0</controlfield>
  <controlfield tag="008">040305n| acannaabn          |n aaa     c</controlfield>
  <datafield tag="010" ind1=" " ind2=" ">
    <subfield code="a">no2004021439</subfield>
  </datafield>
  <datafield tag="035" ind1=" " ind2=" ">
    <subfield code="a">(OCoLC)oca06289205</subfield>
  </datafield>
  <datafield tag="040" ind1=" " ind2=" ">
    <subfield code="a">InU-Mu</subfield>
    <subfield code="b">eng</subfield>
    <subfield code="c">InU-Mu</subfield>
  </datafield>
  <datafield tag="100" ind1="1" ind2=" ">
    <subfield code="a">Ultan, Deborah K.</subfield>
  </datafield>
  <datafield tag="670" ind1=" " ind2=" ">
    <subfield code="a">The best books for academic libraries. Volume 9, Music &amp; fine arts, c2003:</subfield>
    <subfield code="b">p. xi (Deborah K. Ultan; art/art history librarian, University of Minnesota-Minneapolis)</subfield>
  </datafield>
</record>